@book{citeulike:13000435,
    author = {Zakas, Nicholas C.},
    citeulike-article-id = {13000435},
    citeulike-linkout-0 = {http://www.amazon.ca/exec/obidos/redirect?tag=citeulike09-20\&amp;path=ASIN/1118026691},
    citeulike-linkout-1 = {http://www.amazon.de/exec/obidos/redirect?tag=citeulike01-21\&amp;path=ASIN/1118026691},
    citeulike-linkout-2 = {http://www.amazon.fr/exec/obidos/redirect?tag=citeulike06-21\&amp;path=ASIN/1118026691},
    citeulike-linkout-3 = {http://www.amazon.jp/exec/obidos/ASIN/1118026691},
    citeulike-linkout-4 = {http://www.amazon.co.uk/exec/obidos/ASIN/1118026691/citeulike00-21},
    citeulike-linkout-5 = {http://www.amazon.com/exec/obidos/redirect?tag=citeulike07-20\&path=ASIN/1118026691},
    citeulike-linkout-6 = {http://www.worldcat.org/isbn/1118026691},
    citeulike-linkout-7 = {http://books.google.com/books?vid=ISBN1118026691},
    citeulike-linkout-8 = {http://www.amazon.com/gp/search?keywords=1118026691\&index=books\&linkCode=qs},
    citeulike-linkout-9 = {http://www.librarything.com/isbn/1118026691},
    day = {18},
    edition = {3},
    howpublished = {Paperback},
    isbn = {1118026691},
    keywords = {javascript},
    month = jan,
    posted-at = {2014-02-09 02:44:18},
    priority = {2},
    publisher = {Wrox},
    title = {{Professional JavaScript for Web Developers}},
    url = {http://www.amazon.com/exec/obidos/redirect?tag=citeulike07-20\&path=ASIN/1118026691},
    year = {2012}
}

@book{citeulike:10333642,
    author = {Stefanov, Stoyan},
    citeulike-article-id = {10333642},
    citeulike-linkout-0 = {http://www.amazon.ca/exec/obidos/redirect?tag=citeulike09-20\&amp;path=ASIN/0596806752},
    citeulike-linkout-1 = {http://www.amazon.de/exec/obidos/redirect?tag=citeulike01-21\&amp;path=ASIN/0596806752},
    citeulike-linkout-2 = {http://www.amazon.fr/exec/obidos/redirect?tag=citeulike06-21\&amp;path=ASIN/0596806752},
    citeulike-linkout-3 = {http://www.amazon.jp/exec/obidos/ASIN/0596806752},
    citeulike-linkout-4 = {http://www.amazon.co.uk/exec/obidos/ASIN/0596806752/citeulike00-21},
    citeulike-linkout-5 = {http://www.amazon.com/exec/obidos/redirect?tag=citeulike07-20\&path=ASIN/0596806752},
    citeulike-linkout-6 = {http://www.worldcat.org/isbn/0596806752},
    citeulike-linkout-7 = {http://books.google.com/books?vid=ISBN0596806752},
    citeulike-linkout-8 = {http://www.amazon.com/gp/search?keywords=0596806752\&index=books\&linkCode=qs},
    citeulike-linkout-9 = {http://www.librarything.com/isbn/0596806752},
    day = {28},
    edition = {1},
    howpublished = {Paperback},
    isbn = {0596806752},
    keywords = {javascript},
    month = sep,
    posted-at = {2014-02-09 02:42:42},
    priority = {2},
    publisher = {O'Reilly Media},
    title = {{JavaScript Patterns}},
    url = {http://www.amazon.com/exec/obidos/redirect?tag=citeulike07-20\&path=ASIN/0596806752},
    year = {2010}
}

@book{citeulike:2742125,
    abstract = {{Most programming languages contain good and bad parts, but JavaScript has more
than its share of the bad, having been developed and released in a hurry
before it could be refined. This authoritative book scrapes away these bad
features to reveal a subset of JavaScript that's more reliable, readable, and
maintainable than the language as a whole-a subset you can use to create truly
extensible and efficient code. Considered the JavaScript expert by many people
in the development community, author Douglas Crockford identifies the
abundance of good ideas that make JavaScript an outstanding object-oriented
programming language-ideas such as functions, loose typing, dynamic objects,
and an expressive object literal notation. Unfortunately, these good ideas are
mixed in with bad and downright awful ideas, like a programming model based on
global variables. When Java applets failed, JavaScript became the language of
the Web by default, making its popularity almost completely independent of its
qualities as a programming language. In JavaScript: The Good Parts, Crockford
finally digs through the steaming pile of good intentions and blunders to give
you a detailed look at all the genuinely elegant parts of JavaScript,
including: Syntax Objects Functions Inheritance Arrays Regular expressions
Methods Style Beautiful features

The real beauty? As you move ahead with the subset of JavaScript that this
book presents, you'll also sidestep the need to unlearn all the bad parts. Of
course, if you want to find out more about the bad parts and how to use them
badly, simply consult any other JavaScript book. With JavaScript: The Good
Parts, you'll discover a beautiful, elegant, lightweight and highly expressive
language that lets you create effective code, whether you're managing object
libraries or just trying to get Ajax to run fast. If you develop sites or
applications for the Web, this book is an absolute must.}},
    author = {Crockford, Douglas},
    citeulike-article-id = {2742125},
    citeulike-linkout-0 = {http://www.amazon.ca/exec/obidos/redirect?tag=citeulike09-20\&amp;path=ASIN/0596517742},
    citeulike-linkout-1 = {http://www.amazon.de/exec/obidos/redirect?tag=citeulike01-21\&amp;path=ASIN/0596517742},
    citeulike-linkout-2 = {http://www.amazon.fr/exec/obidos/redirect?tag=citeulike06-21\&amp;path=ASIN/0596517742},
    citeulike-linkout-3 = {http://www.amazon.jp/exec/obidos/ASIN/0596517742},
    citeulike-linkout-4 = {http://www.amazon.co.uk/exec/obidos/ASIN/0596517742/citeulike00-21},
    citeulike-linkout-5 = {http://www.amazon.com/exec/obidos/redirect?tag=citeulike07-20\&path=ASIN/0596517742},
    citeulike-linkout-6 = {http://www.worldcat.org/isbn/0596517742},
    citeulike-linkout-7 = {http://books.google.com/books?vid=ISBN0596517742},
    citeulike-linkout-8 = {http://www.amazon.com/gp/search?keywords=0596517742\&index=books\&linkCode=qs},
    citeulike-linkout-9 = {http://www.librarything.com/isbn/0596517742},
    day = {01},
    edition = {1st},
    howpublished = {Paperback},
    isbn = {0596517742},
    keywords = {javascript},
    month = dec,
    posted-at = {2014-02-09 02:16:03},
    priority = {3},
    publisher = {O'Reilly Media},
    title = {{JavaScript: The Good Parts}},
    url = {http://www.amazon.com/exec/obidos/redirect?tag=citeulike07-20\&path=ASIN/0596517742},
    year = {2008}
}

@book{citeulike:13000170,
    author = {Pagella, Mario A.},
    citeulike-article-id = {13000170},
    citeulike-linkout-0 = {http://www.amazon.ca/exec/obidos/redirect?tag=citeulike09-20\&amp;path=ASIN/1449304753},
    citeulike-linkout-1 = {http://www.amazon.de/exec/obidos/redirect?tag=citeulike01-21\&amp;path=ASIN/1449304753},
    citeulike-linkout-2 = {http://www.amazon.fr/exec/obidos/redirect?tag=citeulike06-21\&amp;path=ASIN/1449304753},
    citeulike-linkout-3 = {http://www.amazon.jp/exec/obidos/ASIN/1449304753},
    citeulike-linkout-4 = {http://www.amazon.co.uk/exec/obidos/ASIN/1449304753/citeulike00-21},
    citeulike-linkout-5 = {http://www.amazon.com/exec/obidos/redirect?tag=citeulike07-20\&path=ASIN/1449304753},
    citeulike-linkout-6 = {http://www.worldcat.org/isbn/1449304753},
    citeulike-linkout-7 = {http://books.google.com/books?vid=ISBN1449304753},
    citeulike-linkout-8 = {http://www.amazon.com/gp/search?keywords=1449304753\&index=books\&linkCode=qs},
    citeulike-linkout-9 = {http://www.librarything.com/isbn/1449304753},
    day = {07},
    howpublished = {Paperback},
    isbn = {1449304753},
    keywords = {canvas, development, game, html5, isometric, javascript},
    month = sep,
    posted-at = {2014-02-09 02:06:29},
    priority = {2},
    publisher = {O'Reilly Media},
    title = {{Making Isometric Social Real-Time Games with HTML5, CSS3, and Javascript}},
    url = {http://www.amazon.com/exec/obidos/redirect?tag=citeulike07-20\&path=ASIN/1449304753},
    year = {2011},
    annote = {Mixed reviews but potentially useful resource given it covers similar technological subject matter to my project.}
}

@book{citeulike:13000145,
    author = {Rettig, Pascal},
    citeulike-article-id = {13000145},
    citeulike-linkout-0 = {http://www.amazon.ca/exec/obidos/redirect?tag=citeulike09-20\&amp;path=ASIN/B0094P2TU6},
    citeulike-linkout-1 = {http://www.amazon.de/exec/obidos/redirect?tag=citeulike01-21\&amp;path=ASIN/B0094P2TU6},
    citeulike-linkout-2 = {http://www.amazon.fr/exec/obidos/redirect?tag=citeulike06-21\&amp;path=ASIN/B0094P2TU6},
    citeulike-linkout-3 = {http://www.amazon.jp/exec/obidos/ASIN/B0094P2TU6},
    citeulike-linkout-4 = {http://www.amazon.co.uk/exec/obidos/ASIN/B0094P2TU6/citeulike00-21},
    citeulike-linkout-5 = {http://www.amazon.com/exec/obidos/redirect?tag=citeulike07-20\&path=ASIN/B0094P2TU6},
    citeulike-linkout-6 = {http://www.worldcat.org/isbn/9781118433942},
    citeulike-linkout-7 = {http://books.google.com/books?vid=ISBN9781118433942},
    citeulike-linkout-8 = {http://www.amazon.com/gp/search?keywords=9781118433942\&index=books\&linkCode=qs},
    citeulike-linkout-9 = {http://www.librarything.com/isbn/9781118433942},
    day = {29},
    edition = {1},
    howpublished = {Kindle Edition},
    keywords = {canvas, development, game, html5, javascript, websockets},
    month = aug,
    posted-at = {2014-02-09 02:04:48},
    priority = {2},
    publisher = {Wrox},
    title = {{Professional HTML5 Mobile Game Development}},
    url = {http://www.amazon.com/exec/obidos/redirect?tag=citeulike07-20\&path=ASIN/B0094P2TU6},
    year = {2012}
}



@misc{GameArt,
author = {laetissima},
title  = {{Isometric Painted Game Assets}},
month = nov,
year = {2012},
howpublished = {\url{http://opengameart.org/content/isometric-painted-game-assets}},
note = {Licensed for use under a Creative Commons Public Domain Dedication License. Accessed February 2014},
annote = {These are the graphics I am using as temporary placeholders while building the game engine.}

}