%% This BibTeX bibliography file was created using BibDesk.
%% http://bibdesk.sourceforge.net/


%% Created for Neil Taylor at 2014-04-07 22:34:31 +0100


%% Saved with string encoding Unicode (UTF-8)


@string{aij = {Artificial Intelligence}}

@misc{citeulike:13139186,
	Annote = {The BrowserQuest game itself.},
    author = {Mozilla and Little Workshop and Lecollinet, Franck and Lecollinet, Guillaume},
    citeulike-article-id = {13139186},
    citeulike-linkout-0 = {http://browserquest.mozilla.org/},
    keywords = {browserquest, game},
    posted-at = {2014-04-15 20:26:42},
    priority = {0},
    title = {{Mozilla's BrowserQuest Game}},
    url = {http://browserquest.mozilla.org/},
    year = {2012}
}

@electronic{citeulike:13139189,
	Annote = {Web page by the authors of the BrowserQuest game giving some information on it.},
    author = {Workshop, Little},
    citeulike-article-id = {13139189},
    citeulike-linkout-0 = {http://www.littleworkshop.fr/browserquest.html},
    keywords = {browserquest, game},
    posted-at = {2014-04-15 20:28:49},
    priority = {2},
    title = {{Little Workshop Information on BrowserQuest}},
    url = {http://www.littleworkshop.fr/browserquest.html},
    year = {2012}
}

@misc{citeulike:13139194,
	Annote = {BrowserQuest source code.},
    author = {Mozilla and Workshop, Little and Lecollinet, Franck and Lecollinet, Guillaume},
    citeulike-article-id = {13139194},
    citeulike-linkout-0 = {http://github.com/mozilla/BrowserQuest},
    howpublished = {GitHub},
    keywords = {browserquest, code, game, source},
    posted-at = {2014-04-15 20:48:35},
    priority = {1},
    title = {{BrowserQuest Source Code}},
    url = {http://github.com/mozilla/BrowserQuest},
    year = {2012}
}

@manual{citeulike:13139212,
	Annote = {Series of tutorials going through the creation of a simple RPG in JavaScript.},
    author = {Obbink, Niels G.},
    citeulike-article-id = {13139212},
    citeulike-linkout-0 = {http://nielsgrootobbink.com/wokflok/jte/},
    keywords = {game, javascript, tutorial},
    posted-at = {2014-04-15 21:17:55},
    priority = {0},
    title = {{Javascript tile engine tutorials}},
    url = {http://nielsgrootobbink.com/wokflok/jte/},
    year = {2012}
}

@manual{citeulike:13139216,
	Annote = {Tutorial series used to understand the basics of rendering isometric graphics.},
    author = {Bose, Juwal},
    citeulike-article-id = {13139216},
    citeulike-linkout-0 = {http://gamedevelopment.tutsplus.com/tutorials/creating-isometric-worlds-a-primer-for-game-developers--gamedev-6511},
    day = {27},
    keywords = {game, isometric, tutorial},
    month = may,
    posted-at = {2014-04-15 21:24:31},
    priority = {0},
    title = {{Creating Isometric Worlds: A Primer for Game Developers}},
    url = {http://gamedevelopment.tutsplus.com/tutorials/creating-isometric-worlds-a-primer-for-game-developers--gamedev-6511},
    year = {2013}
}

@electronic{citeulike:13049596,
	Annote = {Online book detailing common game programming patterns, as well as examples on how to use more general design patterns in the context of games.},
    author = {Nystrom, Bob},
    citeulike-article-id = {13049596},
    citeulike-linkout-0 = {http://gameprogrammingpatterns.com/index.html},
    howpublished = {Online},
    keywords = {game, patterns},
    posted-at = {2014-02-14 10:59:43},
    priority = {0},
    title = {{Game Programming Patterns}},
    url = {http://gameprogrammingpatterns.com/index.html}
}


% ###########################################################################################

@book{NumericalRecipes,
	Annote = {This is my annotation. I can add in comments that are in \textbf{bold} and \em{italics} and then other content.},
	Author = {Press, W.H. and others},
	Pages = {349--361},
	Publisher = {Cambridge University Press Cambridge},
	Title = {{Numerical recipes in C}},
	Year = {1992}}

@inproceedings{MarksPaper,
	Annote = {This paper...},
	Author = {Mark Neal and Jan Feyereisl and Rosario Rascun\`{a} and Xiaolei Wang},
	Booktitle = {Proceedings of the 5th International Conference on Artificial Immune Systems},
	Pages = {349--361},
	Publisher = {Springer},
	Title = {{Don't touch me, I'm fine: Robot autonomy using an artificial innate immune system}},
	Year = {2006}}

@article{HannahsPaper,
	Annote = {This is my annotation. I should add in a description here.},
	Author = {Dee, H. M. and Hogg, D. C.},
	Journal = aij,
	Pages = {329-342},
	Title = {Navigational strategies in behaviour modelling},
	Volume = {173(2)},
	Year = 2009}

@misc{FailBlog,
	Annote = {This is my annotation. I should add in a description here.},
	Author = {Various},
	Howpublished = {\url{http://www.failblog.org/}},
	Month = Aug,
	Note = {Accessed August 2011},
	Title = {Fail Blog},
	Year = {2011}}

@misc{kittenpic_ref,
	Annote = {This is my annotation. I should add in a description here.},
	Author = {Sylvia Duckworth},
	Howpublished = {\url{http://www.geograph.org.uk/photo/640959}},
	Note = {Copyright Sylvia Duckworth and licensed for reuse under a Creative Commons Attribution-Share Alike 2.0 Generic Licence. Accessed August 2011},
	Title = {{A picture of a kitten at Hellifield Peel}},
	Year = 2007}

@url{apache_poi,
	Annote = {This is my annotation. I should add in a description here.},
	Author = {{Apache Software Foundation}},
	Date-Modified = {2014-04-07 21:34:28 +0000},
	Howpublished = {\url{http://poi.apache.org}},
	Lastchecked = {14 March 2014},
	Title = {{Apache POI - the Java API for Microsoft Documents}},
	Year = 2014}

@url{apache_license,
	Annote = {This is my annotation. I should add in a description here.},
	Author = {{Apache Software Foundation}},
	Date-Modified = {2014-04-07 21:32:45 +0000},
	Howpublished = {\url{http://www.apache.org/licenses/LICENSE-2.0}},
	Lastchecked = {14 March 2014},
	Title = {{Apache License, Version 2.0}},
	Year = 2004}
